@misc{jedusor2016mimblewimble,
    title={Mimblewimble},
    author={Jedusor, Tom Elvis},
    year={2016},
    publisher={July}
}

@misc{poelstra2016mimblewimble,
    title={Mimblewimble},
    author={Poelstra, Andrew},
    year={2016},
    publisher={Oct}
}

@inproceedings{fuchsbauer2019aggregate,
    title={Aggregate cash systems: a cryptographic investigation of Mimblewimble},
    author={Fuchsbauer, Georg and Orr{\`u}, Michele and Seurin, Yannick},
    booktitle={Annual International Conference on the Theory and Applications of Cryptographic Techniques},
    pages={657--689},
    year={2019},
    organization={Springer}
}

@article{betarte2019towards,
    title={Towards a formally verified implementation of the MimbleWimble cryptocurrency protocol},
    author={Betarte, Gustavo and Cristi{\'a}, Maximiliano and Luna, Carlos and Silveira, Adri{\'a}n and Zanarini, Dante},
    journal={arXiv preprint arXiv:1907.01688},
    year={2019}
}